@misc{simairdocumentation,
    author    = "S. Andersson and others",
    title     = "Dokumentation av SIMAIR-väg, -ved och -korsning",
    howpublished = "www.luftkvalitet.se",
    note      = "",
}

@article{gidhagen+2009,
    author    = "L. Gidhagen and others",
    title     = "SIMAIR - Evaluation tool for meeting the EU directive on air pollution limits",
    journal   = "Atmospheric Environment",
    volume   = "43",
    number   = "",
    pages    = "1029-1036",
    year      = "2009",
    note     = "doi:10.1016/j.atmosenv.2008.01.056",
}

@article{omstedt+2012,
    author    = "G. Omstedt and others",
    title     = "Luftkvaliteten i Sverige år 2020",
    journal   = "Meteorologi",
    volume   = "150",
    number   = "",
    institution = "SMHI",
    address  = "",
    note     = "",
    year      = "2012",
}



@techreport{högström_komp1990,
    author    = "Högström, U. AND Smedman, A-S.",
    title     = "Kompendium i atmosfärens gränsskikt del 2: Övergångsskiktet, numerisk modellering och spridning.",
    institution = "Meteorologiska Institutionen, Uppsala Universitet",
    type     = "",
    number   = "",
    address  = "",
    year      = "1990",
    month    = "",
    note     = "",
}

@techreport{högström_komp1989,
    author    = "Högström, U. AND Smedman, A-S.",
    title     = "Kompendium i atmosfärens gränsskikt del 1: Turbulensteori och skikten närmast marken.",
    institution = "Meteorologiska Institutionen, Uppsala Universitet",
    type     = "",
    number   = "",
    address  = "",
    year      = "1990",
    month    = "",
    note     = "",
}


@article{JClimApplMet24_1196,
    author    = "Van Ulden, A.P. AND Holtslag, A.A.M.",
    title     = "Estimation of Atmospheric Boundary Layer Parameters for Diffusion Applications",
    journal   = "Journal of Climate and Applied Meteorology",
    volume   = "24",
    number   = "",
    pages    = "1196",
    year      = "1985",
    month    = "",
    note     = "",
}

@article{JApplMet21_1845,
    author    = "Berkowicz, R. AND Prahm, L.P.",
    title     = "Sensible Heat Flux from Routine Meteorological Data by the Resistance Method",
    journal   = "Journal of Applied Meteorology",
    volume   = "21",
    number   = "",
    pages    = "1845",
    year      = "1982",
    month    = "",
    note     = "",
}

@book{HndBAtmosDiff1982,
    author    = "Hanna, S.R. AND Briggs, G.A. AND Hosker, R.P.Jr",
    title     = "Handbook on Atmospheric Diffusion",
    publisher = "National Technical Information Service",
    volume   = "",
    number   = "",
    series   = "",
    address  = "",
    edition  = "",
    year      = "1982",
    isbn = "0-87079-127-3",
    month    = "",
    note     = "",
}
